%======================================================================
%	 ____  _ _     _ _                             _           
%	|  _ \(_) |   | (_)                           | |          
%	| |_) |_| |__ | |_  ___   __ _ _ __ __ _ _ __ | |__  _   _ 
%	|  _ <| | '_ \| | |/ _ \ / _` | '__/ _` | '_ \| '_ \| | | |
%	| |_) | | |_) | | | (_) | (_| | | | (_| | |_) | | | | |_| |
%	|____/|_|_.__/|_|_|\___/ \__, |_|  \__,_| .__/|_| |_|\__, |
%	                          __/ |         | |           __/ |
%	                         |___/          |_|          |___/   
%
%----------------------------------------------------------------------
% Author : Nico Holzhäuser
% Descripton : Bibliography
%======================================================================

%———————————————————————————————————————————————————————————————————————
%						declaration of Books
%———————————————————————————————————————————————————————————————————————
@book{bude.prototyping,
	author = {Budde Richard, Kautz Karlheinz, Kuhlenkamp Karin, Züllighoven Heinz},
	title = {Prototyping},
	date = {1992}
}


%———————————————————————————————————————————————————————————————————————
%						declaration of Scripts
%———————————————————————————————————————————————————————————————————————
@online{wilde.methodenspektrm,
	author = {Wilde, Thomas and Hess, Thomas},
	title = {Methodenspektrum der Wirtschaftsinformatik:
	Überblick und Portfoliobildung},
	year = 2006,
	url = {https://www.wim.bwl.uni-muenchen.de/download/epub/ab_2006_02.pdf},
	urldate = {2021-07-19},
	urltime = {12:41}
}


%———————————————————————————————————————————————————————————————————————
%						declaration of Paper
%———————————————————————————————————————————————————————————————————————

%———————————————————————————————————————————————————————————————————————
%						declaration of Homepages
%———————————————————————————————————————————————————————————————————————

@online{gerginov.paradigmen,
	author = {David Gerginov},
	title = {Auf einen Blick: Behaviorismus, Kognitivismus und Konstruktivismus},
	year = 2016,
	url = {https://www.gevestor.de/finanzwissen/oekonomie/wirtschaftstheorien/behaviorismus-kognitivismus-und-konstruktivismus-drei-theorien-auf-einen-blick-654353.html},
	urldate = {2021-07-19},
	urltime = {15:05}
}