%======================================================================
%	 ____  _ _     _ _                             _           
%	|  _ \(_) |   | (_)                           | |          
%	| |_) |_| |__ | |_  ___   __ _ _ __ __ _ _ __ | |__  _   _ 
%	|  _ <| | '_ \| | |/ _ \ / _` | '__/ _` | '_ \| '_ \| | | |
%	| |_) | | |_) | | | (_) | (_| | | | (_| | |_) | | | | |_| |
%	|____/|_|_.__/|_|_|\___/ \__, |_|  \__,_| .__/|_| |_|\__, |
%	                          __/ |         | |           __/ |
%	                         |___/          |_|          |___/   
%
%----------------------------------------------------------------------
% Author : Nico Holzhäuser
% Descripton : Bibliography
%======================================================================

%———————————————————————————————————————————————————————————————————————
%						declaration of books
%———————————————————————————————————————————————————————————————————————
%%%%
%%  declararion of abbreviations
%%%%
@STRING{addison		= "Addison-Wesley"}

%%%%%%%%%%%%%%%%%%%%%%%%%%%%%%%%%%%%%%%%%%%%%%%%%%%%%%%%%%%%%%%%%%%%%%%%%%%%%%%

@BOOK{knuth.1984a,
	AUTHOR		= "Knuth, Donald E.",
	TITLE		= "The \TeX{}book",
	PUBLISHER	= addison,
	YEAR		= 1984
}

@BOOK{lamport.1995a,
	AUTHOR		= "Lamport, Leslie",
	TITLE		= "Das \LaTeX\ Handbuch",
	PUBLISHER	= addison,
	YEAR		= 1995
}

@book{henzeStochastikFuerEinsteiger.2021,
	title = {{Stochastik f\"ur Einsteiger: Eine Einf\"uhrung in die faszinierende Welt des Zufalls}},
	shorttitle = {{Stochastik f\"ur Einsteiger}},
	author = {Henze, Norbert},
	year = {2021},
	publisher = {{Springer Berlin Heidelberg}},
	address = {{Berlin, Heidelberg}},
	doi = {10.1007/978-3-662-63840-8},
	url = {https://link.springer.com/10.1007/978-3-662-63840-8},
	urldate = {2022-06-27},
	isbn = {978-3-662-63839-2},
	langid = {ngerman}
}

%%%%%%%%%%%%%%%%%%%%%%%%%%%%%%%%%%%%%%%%%%%%%%%%%%%%%%%%%%%%%%%%%%%%%%%%%%%%%%%

%———————————————————————————————————————————————————————————————————————
%						declaration of Homepages
%———————————————————————————————————————————————————————————————————————

% Referenzieren von URL's
@MISC{dante.2010a,
	AUTHOR	= "Dante",
	TITLE		= "Webseite der \emph{Deutschsprachige Anwendervereinigung TeX e.V.}",
	HOWPUBLISHED 	= "\url{http://www.dante.de}",
	YEAR		= 2010,
	MONTH		= jan
}


@online{qs.koeln,
	author = {Prof. Dr. Mario Winter},
	title = {Qualitätssicherung},
	year = 2020,
	url = {http://www.software-quality.fh-koeln.de/fsq/index.php?option=com_content&task=blogsection&id=19&Itemid=44},
	urldate = {2020-08-13},
	urltime = {14:37}
}

@techreport{wildeMethodenspektrumWirtschaftsinformatikUeberblick.2006,
	title = {{Methodenspektrum der Wirtschaftsinformatik: \"Uberblick und Portfoliobildung}},
	author = {Wilde, Thomas and Hess, Thomas},
	year = {2006},
	pages = {20},
	langid = {ngerman}
}
